2782 4400
279 365 300 426 4
707 381 846 426 sensam

273 539 446 625 prehendi,
471 539 586 621 doceri,
610 538 754 622 disciqne
775 538 879 623 potest,
904 545 942 603 ut
960 540 1021 603 niu
1039 541 1109 604 ulla
1127 540 1204 604 alia.
1234 541 1273 604 id

277 629 364 713 quod
386 627 471 711 leisce
492 627 730 692 Grammatices
751 629 1021 693 institutionibus
1041 626 1156 709 nastris
1171 629 1272 712 facil}

277 717 458 801 unicuique
490 717 623 801 patebit.
680 717 753 794 Qua
788 718 827 781 in
858 738 893 781 re
922 719 947 798 fi
978 723 1137 781 naturam
1173 719 1268 802 iape-

277 807 438 889 niumque
465 826 576 870 meum
603 807 716 889 aliqua
744 806 816 870 cius
838 807 1022 890 difficultas
1044 807 1127 889 farte
1148 806 1268 891 super·

277 894 394 976 duait,
418 916 476 959 acc
498 894 581 976 satis
603 901 704 978 aptus
723 901 927 979 paratusque
950 897 1035 960 tanc
1052 897 1270 979 prouinciam

277 983 414 1068 snbr'y'sse
447 983 475 1067 [*
484 985 520 1068 V]
554 984 700 1065 uidebor,
738 985 839 1048 luins
871 989 951 1048 certi
984 985 1103 1048 laboris
1135 986 1271 1049 nascitus

277 1095 327 1137 me
355 1072 530 1155 excusabit.
579 1073 675 1136 Nileil
703 1075 733 1137 d
750 1074 937 1157 perfectum
963 1074 1061 1153 [amul
1085 1075 1116 1137 d
1142 1075 1267 1138 innen-

278 1167 349 1226 tum
382 1161 434 1243 cll,
469 1162 642 1246 principia
674 1163 826 1226 amacium
857 1183 969 1226 rerum
1002 1163 1157 1245 difficilia
1187 1162 1272 1246 snat

278 1254 310 1315 d
332 1251 440 1314 rudia.

367 1358 431 1421 His
454 1358 564 1442 itaque
586 1359 719 1440 addant,
743 1359 811 1422 laec
828 1365 984 1423 exornent
1003 1361 1035 1422 d
1050 1364 1192 1442 aupeant
1206 1360 1272 1442 alij

277 1452 440 1530 quantum
467 1448 593 1512 uelint:
620 1467 682 1531 per
709 1468 760 1510 me
786 1445 840 1527 [let
866 1448 949 1529 clas,
983 1449 1015 1510 dr
1038 1448 1175 1512 liberum
1204 1448 1271 1512 erit

276 1536 448 1601 iudicium.
495 1535 566 1620 Epo
594 1535 722 1619 quideme
750 1537 979 1620 compendium
1002 1537 1060 1600 ltac
1087 1537 1267 1600 Gramma·

279 1626 353 1690 tices
377 1629 411 1688 ed
438 1625 598 1689 audacius
625 1646 717 1689 nurec
743 1626 781 1688 iu
804 1625 977 1709 publicam
1006 1625 1091 1690 exire
1114 1626 1249 1709 permisi
1257 1651 1269 1689 .·

277 1721 316 1778 ut
343 1735 381 1778 cn
408 1735 442 1778 ea
471 1735 582 1778 ornnes
609 1715 669 1797 qcci
696 1713 928 1778 Germanicam
956 1714 1106 1798 linquam
1133 1715 1270 1797 eiusque

273 1803 456 1887 puritatem
493 1804 710 1884 emulantur,
745 1803 840 1867 uiam
872 1804 1012 1891 labeant
1044 1806 1076 1867 d
1103 1804 1269 1867 rationem

278 1891 421 1971 breuem,
454 1912 554 1975 qceam
583 1890 690 1976 pallea
721 1892 760 1956 in
792 1893 983 1976 quotidiano
1015 1891 1082 1973 usu
1115 1893 1271 1975 laquccuti

276 1980 412 2062 facilius
434 1981 631 2064 confirmare
648 1980 782 2065 pasliut.
829 1982 918 2045 Nam
941 1987 980 2045 ut
1002 1981 1164 2045 Horatius
1187 1982 1247 2062 ait,

349 2108 494 2185 Quicquid
510 2109 679 2190 precipias,
704 2109 761 2184 ello
784 2109 903 2168 breuis:
927 2114 961 2167 ut
983 2109 1039 2168 citi
1063 2109 1140 2168 dicta

345 2197 515 2274 Percipient
537 2198 635 2256 animi
658 2197 777 2270 dociles,
802 2203 973 2274 teneantque
995 2198 1094 2273 fideles

349 2286 444 2346 Omne
466 2287 682 2363 superuacuam
699 2287 788 2363 pleno
811 2287 976 2363 depectere
998 2293 1110 2346 manat.

369 2407 442 2471 Tibi
457 2411 534 2471 ueri
553 2407 727 2488 claristimc
739 2408 895 2492 Princeps
908 2409 979 2472 idea
993 2408 1138 2472 dedicare
1151 2409 1268 2472 uolui:
1387 2367 1389 2456 l

273 2497 427 2580 primum
450 2497 536 2580 quid
557 2497 645 2560 inter
668 2518 778 2560 omnes
801 2495 927 2577 condet,
958 2503 987 2562 te
1010 2498 1118 2561 omnis
1138 2499 1269 2580 perceris
1385 2493 1387 2526 ²

277 2586 387 2648 literas
396 2587 587 2668 plurimum
601 2607 723 2667 arnam,
738 2598 777 2650 ut
794 2592 852 2649 tua
864 2586 1028 2668 facilitate
1041 2588 1073 2649 d
1086 2587 1268 2668 sumentia,

277 2694 350 2757 quce
370 2672 517 2758 alepvb]
526 2680 609 2738 tutes
629 2676 773 2738 inanime
788 2675 888 2758 Repes
907 2697 946 2739 ac
961 2675 1132 2759 Principes
1146 2677 1267 2757 decent,

276 2763 430 2827 omnibus
452 2764 582 2827 aditum
601 2764 749 2847 prebeas
771 2785 840 2828 non
859 2765 967 2847 solnm
989 2765 1042 2848 ijs,
1066 2764 1126 2847 qui
1139 2765 1272 2848 aliquid
1382 2797 1384 2836 s

277 2853 387 2915 radius
416 2858 534 2936 tuaque
561 2853 696 2916 nornine
723 2853 858 2936 dipuius
885 2854 922 2916 de
945 2853 1161 2935 facultatibus
1183 2853 1266 2935 offe-

276 2947 381 3004 runt:
415 2941 470 3024 sed
501 2942 601 3005 etiam
637 2943 713 3026 alijs
748 2943 807 3026 qni
842 2940 1027 3023 scholastica
1058 2945 1090 3005 d
1118 2943 1270 3025 puerilia
1381 2999 1382 3015 ἢ

276 3029 492 3113 scripserunt,
531 3029 717 3111 cuiusmodi
748 3032 815 3095 ltcec
846 3051 971 3114 quoquc
1008 3031 1089 3114 suut
1118 3035 1140 3094 a
1171 3032 1270 3095 nabis
1381 3053 1382 3066 ¹

275 3119 390 3182 obuia.
429 3119 555 3183 Deinde
578 3123 655 3183 ciem
670 3120 786 3184 labeas
804 3121 905 3203 lilios,
929 3120 1049 3203 quibus
1070 3120 1271 3185 Germanica

277 3209 392 3291 liupua
423 3209 577 3291 temporis
599 3208 775 3292 prapressu
806 3210 913 3273 adltuc
940 3209 1092 3291 discenda
1120 3209 1194 3288 erit,
1230 3215 1270 3273 tu

271 3298 409 3380 primus
430 3295 533 3380 fuisti,
558 3299 617 3380 qui
634 3298 720 3362 milei
742 3299 830 3361 inter
844 3299 1054 3381 capitaadum
1070 3299 1107 3362 rte
1121 3303 1269 3381 patrono

277 3385 396 3450 alicius
418 3384 549 3468 uenisti,
577 3390 599 3450 a
621 3406 685 3469 quo
707 3407 776 3450 non
798 3387 848 3450 ita
870 3388 1019 3450 alienum
1041 3386 1111 3468 fore
1129 3389 1269 3470 putaui,

276 3475 399 3554 etiamsi
425 3474 487 3556 sub
514 3474 664 3558 auspicia
691 3475 865 3555 curristimi
891 3476 1039 3539 aerianis
1067 3476 1119 3539 tui
1146 3473 1205 3555 illu
1228 3478 1269 3540 in

277 3564 380 3627 lacem
404 3565 550 3628 adierint.
590 3565 679 3627 Nam
697 3568 774 3628 cura
796 3565 884 3628 inter
904 3564 1014 3628 Galles
1033 3566 1065 3627 a
1086 3565 1270 3630 (lerinanos
1375 3621 1376 3628 ,

275 3652 455 3736 imperinm
483 3674 521 3716 ac
543 3652 647 3734 sedem
672 3673 819 3736 occupes,
849 3660 887 3717 at
912 3654 972 3717 tibi
994 3673 1070 3717 cum
1093 3652 1271 3736 utriusque

273 3742 402 3824 pencris
430 3742 619 3806 haminibus
646 3743 789 3825 quotidie
813 3744 1010 3826 loquendum
1030 3743 1084 3824 fet,
1112 3742 1194 3825 quid
1216 3765 1271 3808 me
