2782 4400
654 368 848 412 lffrnolcdln.

364 595 417 665 [23]
446 581 517 654 DE
545 578 806 656 PARTIBVS
835 578 1132 655 ORATIONIS.

316 742 411 804 Artes
428 741 579 804 orationis
597 739 763 803 Germanis
780 745 850 804 octo
867 739 952 822 lunt,
977 739 1244 822 quemadmodum
1295 793 1298 800 .

348 829 432 912 apud
466 828 607 892 Graecos:
645 848 721 892 nam
753 828 996 892 Interiectiones
1034 834 1246 892 numerantur

256 920 340 982 inter
363 917 530 998 eduerbia,
559 918 598 982 dc
622 917 739 1000 quibus
762 917 896 1000 lingulis
919 923 1069 1000 precepta
1092 919 1117 980 d
1142 917 1245 982 obier-

256 1008 403 1071 uationes
427 1007 537 1071 ordine
561 1005 802 1090 explicabimus.

345 1112 428 1178 Sunt
454 1115 551 1178 huius
579 1113 693 1177 nostrae
721 1113 841 1196 linguae
870 1114 1024 1177 orationis
1053 1118 1159 1197 partes
1182 1113 1244 1193 alie

256 1222 384 1286 quoquc
417 1202 634 1285 declinabileS,
667 1203 729 1281 alie
763 1201 1021 1286 indeclinabiles,
1055 1207 1092 1266 ut
1120 1204 1244 1268 caeteris

255 1293 290 1355 in
312 1292 439 1374 linguis

345 1398 398 1461 Ad
441 1397 680 1462 declinabilium
727 1399 866 1480 partium
910 1399 1124 1479 cognitionem
1165 1399 1244 1463 scire

256 1492 378 1570 oportet
406 1487 534 1552 casuum
562 1487 587 1548 dr
614 1506 820 1551 numerorum
850 1487 1075 1570 uenationem,
1109 1488 1244 1570 proinde

256 1575 295 1640 de
318 1577 367 1640 his
390 1578 479 1660 prius
504 1576 627 1659 aliquid
651 1575 821 1640 dicendum
846 1575 898 1640 eit.

647 1752 697 1816 De
724 1753 859 1834 residue.

345 1878 442 1943 Caius
470 1879 613 1963 quinque
641 1877 725 1941 lunt:
755 1878 882 1960 scilicet,

539 2000 729 2054 Nominatiuus
746 2003 779 2053 ut
800 1999 843 2055 ber
860 1995 951 2070 stbnig.

540 2072 680 2125 Genitiuus
698 2073 730 2124 ut
802 2070 848 2126 bed
866 2066 974 2142 utuiqe.

540 2143 655 2197 Datiuus
673 2144 705 2196 ut
803 2142 857 2197 bem
876 2137 965 2213 etnig.

540 2214 714 2268 Accusatiuus
733 2216 764 2267 ut
805 2213 851 2268 ben
870 2209 961 2284 stbnlg.

540 2286 688 2340 Vocatiuus
706 2288 737 2338 ut
805 2286 835 2352 ol)
855 2280 946 2355 libolo.

345 2391 398 2447 Sed
420 2392 479 2446 loco
498 2392 607 2447 ablatini
625 2393 727 2446 utimur
749 2391 851 2460 semper
869 2392 1037 2461 dati[24]uo,
1061 2392 1170 2447 adiectis
1188 2392 1243 2448 iltis

255 2463 394 2606 affigenda
417 2474 468 2519 bon
490 2464 566 2536 bem!
580 2464 641 2520 obet
663 2474 713 2518 oon
737 2463 800 2534 ber!
815 2466 845 2517 ut
867 2473 918 2518 bon
937 2463 990 2518 buu
1009 2458 1093 2534 libaid
1105 2465 1117 2534 l
1131 2475 1181 2519 oon
1201 2464 1245 2519 bet

628 2642 678 2707 Dc
700 2643 866 2708 Numerio.

343 2767 478 2832 Numeri
503 2769 567 2832 duo
591 2769 664 2831 lunt

540 2890 686 2960 Singularis
706 2893 737 2944 ut
760 2891 803 2946 ber
820 2891 884 2958 terr.

538 2962 653 3017 Pluralis
675 2964 707 3016 ut
762 2962 800 3016 bic
819 2963 916 3031 barren.

347 3197 418 3271 DE
445 3195 616 3271 PRIMA
645 3195 817 3271 PARTE
846 3194 1142 3273 ORATIONIS.

632 3355 681 3419 Dc
704 3356 861 3420 Aramo.

342 3481 494 3562 Articuli,
517 3481 577 3545 hoc
601 3480 645 3546 eit
667 3489 752 3544 notae
776 3500 929 3565 generum
953 3486 1016 3544 tres
1040 3480 1118 3544 lunt.

538 3603 699 3658 Masculinus
749 3603 798 3659 ber.

538 3675 650 3728 Foemin
750 3675 795 3730 bie.

538 3745 617 3800 Neut.
750 3746 806 3801 bed.
