2782 4400
420 1180 671 1330 [inlu.
729 1177 1111 1332 sruuurr

510 1385 740 1464 SENTENTIA,
763 1389 816 1458 DE
839 1389 1039 1445 OOGNITIO-

383 1575 424 1618 ne
452 1556 483 1616 (a
507 1553 731 1618 exercitatione
759 1553 952 1636 lippiturum
979 1552 1079 1633 nostri
1104 1552 1155 1636 se-

411 1679 498 1742 culi:
523 1679 566 1742 ad
592 1677 786 1742 Orrnrudum
808 1676 1008 1761 Preslnusly
1031 1677 1138 1760 Rapui

572 1803 718 1867 Polurar'ca
743 1802 970 1867 Serretarinm.

291 2038 587 2048 -—-...-——

608 2158 686 2223 ·ON
732 2159 828 2222 laudo
876 2178 985 2224 eorum

637 2248 784 2312 consilia:
806 2250 861 2330 qui
881 2249 988 2312 dicen·

637 2338 670 2400 di
697 2343 847 2421 praeopta
870 2338 904 2400 in
930 2336 988 2400 La-

636 2427 713 2489 tinis
752 2426 853 2490 solum
893 2431 987 2509 atqua

637 2515 758 2579 Graecis
827 2515 988 2599 applican-

350 2644 489 2658 -—
637 2604 677 2666 da
709 2603 789 2668 elsa:
822 2607 847 2667 δι
882 2605 988 2670 obser-

278 2695 397 2775 uanda,
421 2697 446 2757 lu
464 2693 642 2758 exercenda
664 2698 797 2776 putant:
823 2713 887 2756 non
905 2696 999 2758 etiam
1015 2696 1051 2757 in
1066 2695 1136 2777 alijs
1152 2694 1267 2758 noltrae
1386 2671 1387 2724 l

278 2785 381 2847 aetatis
411 2785 529 2848 exteris
562 2781 737 2864 nostrisque
765 2783 894 2866 linguis.
940 2783 1093 2846 Maximae
1121 2783 1268 2866 grauissi-

277 2893 395 2956 maqus
428 2872 543 2936 uaullaa
575 2872 756 2956 principum
784 2874 940 2956 virorum,
974 2879 1069 2955 atque
1098 2873 1268 2936 ciuitatum

278 2982 336 3046 pur
361 2961 496 3045 Legatos
525 2961 669 3044 quotidie
702 2961 921 3045 explicantur:
951 2962 1006 3026 sed
1035 2961 1069 3024 id
1097 2961 1153 3024 vlu
1182 2981 1268 3026 corn-

278 3057 404 3136 pertum
433 3050 494 3116 ast:
528 3051 653 3114 fauilius
681 3050 737 3113 has
766 3053 791 3113 Su
817 3050 1011 3115 laudabilius
1040 3051 1079 3114 ab
1103 3053 1142 3133 ijs
1165 3051 1268 3134 expli·
1384 3069 1385 3072 ¹

279 3141 364 3205 cari:
399 3141 456 3222 qui
483 3159 520 3202 ea
547 3140 659 3222 lingua
691 3144 787 3219 atqua
818 3139 961 3204 sermone
995 3159 1047 3204 aas
1076 3139 1181 3223 [wll]
1211 3159 1268 3204 ax-

278 3237 419 3314 ponunt:
447 3247 541 3311 quam
566 3235 653 3293 tanat
676 3249 739 3310 qua
763 3229 916 3292 educatus
940 3234 1036 3312 atqua
1054 3233 1149 3292 natus
1168 3228 1213 3292 alt
1231 3230 1268 3311 is,

279 3319 320 3382 ad
349 3338 444 3401 quem
477 3318 550 3382 lunt
577 3317 676 3380 miffi:
709 3317 736 3379 li
763 3319 892 3382 alterius
924 3318 963 3382 lit
994 3320 1167 3401 imperitus.
1214 3317 1270 3381 Est
1382 3331 1384 3343 ¹

280 3408 408 3490 quidem
439 3407 613 3486 Gracorum
641 3412 735 3487 atqua
763 3407 950 3471 Latinorum
978 3407 1097 3471 sermo:
1125 3405 1269 3470 suauisfi-

279 3517 368 3561 mus:
393 3497 500 3561 verbis
528 3502 625 3578 atqua
650 3495 830 3579 lententiJ's:
859 3497 912 3561 lad
936 3502 1040 3560 tamen
1067 3495 1127 3558 nili
1149 3496 1270 3559 intelli-

278 3592 389 3668 gatur:
424 3605 519 3667 quam
548 3587 615 3648 uim
644 3585 761 3648 habere
793 3585 893 3668 potest
920 3586 960 3649 ad
991 3585 1268 3668 persuadendum?

278 3675 391 3758 Itaque
415 3694 474 3756 ego
498 3679 621 3738 exteras
644 3675 770 3759 linguas
794 3677 819 3737 ἀ
845 3675 1008 3739 discendas
1032 3674 1270 3739 &exercendas

278 3784 345 3829 non
381 3764 483 3827 lulum
524 3763 672 3846 studiosa,
714 3763 767 3828 lad
807 3765 902 3827 etiarn
946 3762 1112 3827 artificiola
1149 3763 1269 3827 censeo.
