2782 4400
301 324 340 386 16
682 343 903 388 Pnonuronrro

385 500 530 565 Abufiue
553 499 699 564 scribitur
721 518 740 565 υ
765 506 838 564 ante
862 497 922 567 1&
950 501 1099 585 quasdam
1130 503 1207 566 alias
1230 523 1287 587 pro

249 625 253 632 ·
297 590 503 669 consonante,
540 595 577 653 ut
607 591 643 652 in
676 589 872 654 dictionibus
903 587 983 657 oleis
998 589 1014 675 Ι
1032 588 1209 676 oleilltgetl
1229 613 1287 677 pro

297 675 365 757 fleis
380 676 396 764 Ι
411 676 546 760 tletsliyet
561 676 577 764 Ι
591 696 625 745 oc.

385 803 405 850 o
437 786 560 850 uocalis
593 791 666 851 ante
698 786 923 852 consonantem
956 786 1065 852 eadem
1099 788 1134 850 in
1166 787 1287 870 syllaba

298 874 389 957 labijs
422 875 564 938 distentis
597 875 746 939 inferiora
778 875 896 958 clauso,
928 878 953 938 dr
984 875 1144 959 superiore
1178 882 1286 960 aperto

297 961 433 1044 effertur,
457 963 538 1028 sicut
557 985 594 1026 ov
611 962 773 1046 Graccum,
799 966 865 1048 seu,
889 986 941 1046 ou,
959 964 1131 1050 Gallicum,
1154 972 1191 1028 ut
1213 964 1287 1045 bisse

287 1051 383 1136 mure
407 1049 523 1135 gebira
545 1051 652 1132 ansero
676 1052 788 1135 bauco.

384 1167 492 1233 Litora
524 1170 543 1236 ἤ
575 1170 660 1232 inter
692 1187 710 1250 g
742 1170 795 1234 uel
828 1166 928 1252 os&
959 1171 1106 1235 uocalem
1143 1171 1286 1253 aliquam

296 1257 406 1320 cadem
429 1259 465 1320 in
487 1256 605 1338 syllaba
627 1257 741 1341 posita,
766 1258 895 1322 effertur
918 1265 954 1322 ut
976 1259 1153 1323 consonans
1178 1277 1204 1325 ro
1217 1257 1231 1340 Ι
1246 1260 1286 1325 dc

297 1365 360 1427 quo
384 1347 435 1409 hic
458 1347 554 1409 intra:
578 1346 680 1411 ueluti
702 1346 748 1412 bie
771 1344 906 1432 atomis
918 1346 964 1413 bie
989 1346 1286 1435 quietiusque]

296 1435 359 1514 ooo
374 1433 388 1520 Ι
403 1456 460 1518 pro
484 1433 590 1518 {morbi
605 1433 620 1520 Ι
635 1433 778 1520 {totototo
794 1433 809 1522 Ι
824 1435 913 1502 futat
927 1435 942 1522 Ι
958 1434 1032 1503 luit.

383 1551 608 1635 Diphtbongus
631 1548 653 1618 ἢ
680 1552 733 1616 uel
760 1569 797 1618 ue
824 1553 982 1636 profertur
1009 1552 1115 1617 modio
1143 1555 1213 1619 ud
1240 1551 1287 1640 el

296 1644 331 1702 ut
354 1641 409 1706 bos
434 1637 487 1724 psat
501 1639 517 1727 Ι
532 1640 581 1706 bet
604 1639 672 1724 huet
686 1640 701 1726 Ι
717 1659 751 1706 u.

384 1747 490 1812 Litora
513 1750 535 1813 o
559 1749 609 1813 uel
635 1748 679 1833 iil
691 1767 744 1812 ore
768 1751 802 1812 in
826 1748 994 1833 angustum
1014 1747 1118 1813 clauso
1135 1748 1286 1814 decenter

296 1835 388 1918 labijs
422 1837 616 1920 compositio,
649 1840 673 1900 dr
701 1839 867 1921 paululum
897 1839 1161 1920 cxll3lporrcotis
1194 1837 1288 1916 (sicut

296 1945 318 1987 u
343 1923 499 1989 Gallicum
523 1928 557 1989 in
581 1927 738 1991 uocabulo
757 1931 827 2007 Sos)
852 1927 991 2010 effertur,
1014 1932 1053 1990 ut
1074 1925 1142 1992 §beu
1166 1923 1231 2010 boli
1255 1944 1287 1994 et

296 2011 347 2092 tito
367 2013 424 2080 ben
447 2013 606 2095 trtimbsteo
630 2013 702 2083 bber
724 2014 800 2095 biset
822 2015 886 2100 aad).

385 2130 610 2216 Diphthongus
637 2135 675 2199 tie
702 2133 755 2198 uel
779 2130 801 2199 it
825 2133 985 2217 profertur
1012 2125 1119 2194 medio'
1149 2129 1287 2212 tides

298 2220 412 2302 ueluti,
441 2220 485 2287 bie
513 2221 660 2310 guenta!
679 2221 725 2288 bie
755 2220 854 2306 tytets
874 2224 899 2284 dr
922 2221 960 2284 ab
989 2222 1081 2286 initio
1106 2221 1287 2284 dictionum
1375 2243 1376 2246 ¹

296 2308 485 2392 plaerunquo
509 2310 552 2375 sic
574 2311 729 2375 formatur
752 2311 788 2378 'oc
802 2309 818 2397 Ι
834 2317 869 2375 ut
891 2307 992 2376 beben.

384 2416 492 2481 Litora
514 2436 541 2483 ro
565 2419 610 2482 est
632 2418 758 2502 prorsus
783 2403 985 2498 Germanica,
1009 2436 1106 2499 quam
1122 2436 1286 2480 uocamus
1372 2495 1373 2500 ἵ

296 2521 355 2571 rote
384 2507 482 2588 (quod
506 2508 643 2572 dolentis
666 2528 732 2571 uox
756 2509 810 2588 cst)
834 2506 1011 2590 &quidam
1035 2523 1087 2587 oo,
1116 2506 1192 2588 quia
1214 2507 1286 2588 pin-

296 2595 383 2677 gitur
404 2597 633 2678 propemodum
655 2596 760 2680 figura
784 2597 921 2680 duplicis
943 2613 971 2660 u.

385 2728 413 2775 to
436 2712 497 2775 hoc
520 2713 608 2796 signo
633 2713 652 2731 ⁹
675 2718 834 2796 notatum,
863 2714 887 2774 dr
914 2711 982 2794 post
1003 2711 1147 2774 uocalem
1173 2709 1285 2774 eadem
1369 2757 1371 2782 ,

297 2800 332 2861 in
355 2800 473 2881 syllaba
495 2803 645 2884 politum,
673 2803 794 2866 uocalis
823 2801 879 2883 est,
902 2803 927 2863 dr
949 2800 1108 2883 profertur
1130 2799 1211 2862 licut
1232 2795 1286 2883 ul
1369 2837 1370 2867 r

290 2888 334 2951 ‘ut
356 2889 450 2972 supra
473 2891 512 2955 de
536 2892 739 2974 diphthongis
769 2894 807 2959 uti
831 2893 855 2952 dc
878 2892 912 2957 eti
937 2888 1087 2951 diximus.
1134 2888 1286 2971 Exempli

296 2979 409 3061 gratia,
434 2997 505 3048 saer
528 2977 636 3046 babber
660 2980 710 3063 out
733 2979 811 3060 bisen
835 2978 922 3047 ufinb
943 2978 1076 3061 gabaam
1092 2974 1107 3063 Ι
1121 2995 1188 3040 non
1211 2976 1287 3039 scri-
1367 2999 1368 3063 Ι

296 3067 437 3132 bendum
454 3069 505 3149 est,
522 3072 590 3136 etur
598 3066 614 3153 Ι
624 3071 752 3154 geunnen
762 3067 777 3151 Ι
793 3089 833 3132 ne
849 3069 973 3151 legatur
989 3069 1080 3134 ersten
1088 3063 1288 3153 ΙςεΙανιῖεηΙ
1366 3075 1367 3100 ³

298 3157 368 3218 hoec
391 3157 569 3222 differentia
591 3159 685 3223 facile
709 3159 899 3222 obseruatur.

386 3264 469 3347 AliJs
496 3267 531 3328 in
551 3267 638 3347 locis
671 3266 765 3328 litera
792 3283 819 3331 tn
853 3265 896 3329 est
927 3263 1115 3345 consonam,
1147 3263 1172 3324 dc
1199 3267 1289 3325 caret

297 3353 400 3435 ligno,
428 3355 648 3438 proferturque
671 3357 736 3420 fere
760 3360 796 3417 ut
819 3375 841 3417 u
865 3353 987 3416 Gallica
1010 3352 1199 3430 consonans,
1228 3351 1289 3413 ali-

299 3443 489 3522 quantulum
522 3448 629 3508 tamen
657 3444 783 3524 durius³
817 3445 842 3505 si
869 3444 993 3505 utimur
1025 3441 1094 3504 loco
1122 3460 1143 3500 v
1177 3439 1289 3503 conso-

297 3533 405 3594 nantis
428 3531 631 3615 Latinorum
655 3534 689 3596 id
718 3532 802 3615 quod
831 3531 942 3595 uidere
971 3529 1014 3593 est
1041 3531 1076 3591 in
1104 3528 1153 3591 his
1177 3547 1289 3592 exem·
1361 3557 1362 3576 κ

298 3619 372 3702 plis,
401 3619 451 3686 ber
478 3623 555 3688 metu
584 3623 716 3704 anino,
745 3621 790 3687 bic
818 3637 908 3686 mono
937 3623 956 3682 a
983 3637 1104 3699 uanno,
1132 3616 1182 3682 ber
1209 3617 1290 3684 mint
1361 3615 1362 3648 Ι

298 3711 317 3769 a
339 3716 516 3794 uen[14]to,
544 3711 594 3777 bct
622 3711 739 3777 mibroet
768 3709 922 3791 auiduo,
951 3708 1000 3773 bct
1022 3703 1132 3790 meotes
1155 3709 1174 3768 a
1196 3706 1287 3789 uilla„
1359 3683 1361 3750 l

1357 3761 1360 3845 l

1358 3881 1359 3944 l

1356 3949 1358 4042 l
