2786 4406
673 353 712 397 DE
735 351 838 395 VERBO.

651 503 652 508 ¹
717 511 802 571 XHI.

352 616 392 679 In
415 616 557 699 optatiuo
580 616 770 700 plaerunque
789 605 873 697 luco,
895 613 950 695 86)
966 612 1051 701 mill]
1061 617 1111 680 vel
1129 614 1253 702 mtitbes

264 706 383 769 vtimur
410 706 446 768 in
472 705 593 788 futuro,
625 703 679 786 {leh
708 702 809 771 fonbte
822 703 837 790 s
856 704 908 768 vel
931 704 1037 784 modale
1050 702 1065 790 s
1084 706 1135 769 vel
1157 704 1253 785 sollte:

264 795 378 876 veluti,
408 791 455 876 Db
479 794 535 860 boo
558 793 597 876 aa
620 791 760 875 lbretbea
784 791 895 880 totitas
912 795 979 860 obet
1002 791 1089 861 sorba
1103 791 1118 878 l
1132 797 1252 858 vtinam
1374 851 1377 856 .

263 883 444 966 scriberem,
467 884 502 946 id
525 883 582 965 est,
606 882 753 948 deberem
777 885 802 945 ἃ
824 883 942 967 possem
965 882 1115 966 seribere,
1139 888 1188 946 tro.

354 997 424 1066 [luz]
463 989 526 1054 Sed
557 989 702 1052 futurum
735 991 934 1060 coniunctiui
966 990 1067 1053 srmile
1100 990 1143 1054 est
1171 990 1253 1053 indi-

264 1081 379 1144 catino.

709 1187 809 1247 ΧΠΠ.
831 1221 832 1224 ¹

353 1293 460 1376 Atque
491 1292 561 1356 haee
589 1292 750 1357 sufficiunt
778 1293 816 1356 de
844 1299 1023 1378 temporum
1051 1293 1154 1376 prima
1181 1313 1253 1377 per·

263 1381 339 1446 sona
361 1381 532 1464 singularis
555 1383 694 1445 numeri:
719 1381 862 1464 sequitur
877 1403 964 1448 nuno
982 1384 1021 1447 de
1037 1383 1106 1465 alijs
1124 1401 1253 1465 quoque

262 1472 404 1555 personis
427 1472 452 1532 ἃ
473 1471 590 1555 plurali
611 1491 754 1536 numero.

354 1577 502 1641 Secunda
533 1577 665 1660 persona
696 1579 847 1661 temporis
874 1579 1050 1663 praesentio,
1082 1577 1254 1642 indicatiui

264 1667 352 1730 modi
372 1665 540 1750 singularis
561 1668 687 1730 numeri
709 1669 898 1750 regulariter
912 1669 1068 1732 formatur
1084 1668 1190 1731 addito
1206 1666 1229 1746 a
1238 1666 1253 1754 f

265 1755 306 1818 ad
329 1757 464 1838 primam
487 1755 666 1838 personam:
690 1761 738 1837 vt,
760 1754 815 1837 fild)
839 1753 982 1843 [breite]
995 1755 1036 1823 bu
1058 1753 1191 1837 ltbtetbel
1201 1807 1207 1819 .

725 1919 793 1979 XV.

351 2023 456 2087 Tertia
484 2023 615 2106 persona
628 2023 806 2107 praesentis
834 2022 1003 2108 singularis
1036 2025 1162 2087 numeri
1188 2025 1253 2087 tor-

263 2117 369 2176 matur
397 2111 518 2176 abieoto
542 2119 560 2178 a
570 2111 585 2200 s
595 2114 630 2175 in
652 2113 764 2175 Vltima
786 2112 906 2194 syllaba
929 2113 1076 2176 secundae
1097 2112 1251 2196 personae:

263 2207 310 2284 vt,
334 2201 376 2268 bt
399 2198 554 2287 {boethus
564 2198 658 2267 behet.

718 2347 799 2406 XVI.

352 2450 491 2514 Pluralis
515 2470 668 2515 numerus
691 2451 854 2534 praesentis
877 2451 1047 2515 indicatiui
1068 2450 1168 2530 modi,
1196 2471 1253 2534 per

265 2559 375 2604 omnes
411 2539 572 2623 personae,
608 2539 737 2603 similis·
759 2541 803 2604 est
834 2540 888 2604 suo
925 2539 1100 2617 infinitum,
1138 2546 1254 2623 praeter

263 2628 433 2692 secundam
456 2629 635 2712 personam,
659 2648 732 2711 quae
754 2630 909 2692 formatur
930 2630 1010 2695 int:
1034 2629 1148 2711 veluti,
1171 2628 1254 2696 lssiet

264 2716 434 2805 sbreobens
444 2720 491 2802 jbt
513 2715 724 2804 lbteobetsste
747 2715 894 2798 [brelion.

661 2903 731 2972 [roa]
763 2898 862 2960 unu.

353 3003 392 3066 In
416 3005 575 3086 praeterito
600 3004 784 3086 imperfecto
808 3004 977 3067 indioaliui
1000 3003 1169 3086 singularis
1192 3023 1253 3066 nu·
1378 3015 1379 3050 l

266 3093 359 3172 meri,
384 3092 522 3155 secunda
545 3092 678 3174 persona
699 3092 854 3155 formatur
877 3096 896 3154 a
919 3093 1034 3175 prima,
1057 3098 1092 3155 vt
1114 3094 1148 3154 in
1171 3112 1253 3176 prae-

264 3180 357 3244 senti:
383 3183 407 3244 &
436 3183 528 3245 tertia
551 3181 662 3244 similis
686 3181 731 3245 est
752 3182 877 3264 primae:
902 3177 1252 3266 veluti,{lc1)lct)tiebes

264 3270 305 3336 ba
327 3267 443 3350 sbtiebs
460 3267 516 3356 set
539 3267 723 3357 sottebesa.

702 3394 815 3492 xum.

355 3537 491 3600 Pluralis
518 3555 672 3600 numerus
700 3537 890 3622 imperfecti,
922 3538 1037 3600 format
1064 3537 1199 3619 primam
1227 3539 1253 3599 ἃ
1371 3571 1376 3591 ‹

263 3627 388 3689 tertiam
411 3626 576 3709 personam
599 3627 631 3689 in
656 3643 677 3690 n
686 3624 702 3712 s
712 3628 736 3687 &
758 3625 927 3690 secundam
951 3627 1034 3707 int,
1057 3626 1103 3688 vti
1122 3626 1156 3687 in
1172 3645 1254 3708 prae-

264 3714 355 3778 senti:
380 3721 426 3796 vt,
451 3715 517 3782 ‘Isin
540 3711 760 3801 sottebenljbt
782 3710 986 3799 sbriebetssre
1008 3711 1157 3794 lcbttebeo.
