2786 4406
540 382 581 426 nn
602 383 708 426 vaano.
1076 366 1116 428 67

222 542 248 602 l.
282 541 402 604 Primae
441 541 676 623 coniugationis
711 540 797 624 sunt,
833 541 930 604 verba
948 537 951 545 '
969 542 1119 606 habentia

128 629 285 710 syllabam
317 629 343 695 ei
358 627 372 716 Ἀ
386 630 437 694 vel
470 646 504 712 ab
538 631 573 692 in
604 627 793 714 penultima,
832 631 920 693 modi
951 625 1116 695 infinitiui:

128 719 243 799 veluti,
267 715 546 804 §breibansleibea

222 828 250 888 2.
279 825 438 889 Secundae
462 825 547 907 sunt,
572 844 645 908 quaa
669 825 788 888 habent
810 827 845 888 in
863 827 1039 910 penultima
1058 827 1118 909 syl-

128 915 202 978 laba
225 914 392 997 infinibui,
415 915 467 1000 lat,
485 915 546 996 vti,
569 911 843 1000 talabeasbiaben.

186 1083 187 1086 ,
221 1023 249 1084 3.
277 1021 391 1086 Tertiae
415 1021 499 1102 sunt,
523 1041 586 1104 que
609 1022 728 1085 habent
750 1023 784 1084 in
807 1023 984 1106 penultima
1000 1030 1053 1099 [97]
1070 1025 1118 1085 in-

128 1110 248 1173 finitiui
262 1109 363 1191 madi,
378 1110 428 1174 vel
443 1110 470 1175 le
475 1110 489 1194 Ἀ
499 1111 551 1174 vel
566 1128 606 1175 au
611 1107 626 1196 Ἀ
635 1111 687 1176 vel
697 1107 715 1176 ἁ
720 1106 735 1195 Ἀ
744 1110 794 1174 vel
805 1128 820 1177 e
825 1109 839 1197 Ἀ
850 1111 938 1194 quasi
949 1112 1119 1195 diphthon-

128 1219 219 1282 gum,
245 1198 377 1280 scilicet,
402 1196 1019 1287 {bleisensabtseasbalsaalsauqeaszc.

221 1287 348 1364 Quartae
365 1291 389 1350 ab
404 1287 538 1369 vltimae,
558 1288 629 1351 sunt
644 1290 781 1371 reliqua,
799 1293 915 1374 praeter
930 1291 1119 1372 irregularia

18 1405 19 1412 Ἀ
130 1380 155 1440 la
189 1377 347 1458 anomala,
382 1377 421 1440 de
450 1377 566 1460 quibus
599 1377 688 1441 alibi:
722 1379 823 1462 velut,
856 1375 952 1444 [leben
965 1371 981 1465 Ἀ
995 1377 1118 1466 [ebreus

130 1462 222 1548 briaen
231 1463 247 1552 Ἀ
256 1465 384 1532 summan
395 1462 410 1552 Ἀ
418 1483 453 1531 a.

261 1690 262 1694 Ἰ
363 1609 496 1692 Reyulca
515 1611 681 1693 yenerasea
704 1611 741 1673 de
772 1609 890 1673 Verbis.

612 1737 636 1797 I.

221 1839 337 1904 Omnia
359 1840 458 1904 verba
480 1842 564 1924 apud
586 1843 760 1905 Germanos
785 1841 932 1905 desinunt
954 1843 990 1904 in
1012 1841 1119 1904 infini-

129 1931 197 1993 tiuo
222 1931 256 1991 in
281 1946 317 1995 en
330 1927 346 2016 Ἀ
359 1931 413 1992 vel
435 1926 474 2016 εἈ
487 1934 611 1994 tantum
633 1950 691 2015 per
713 1930 886 2012 syncopen:
915 1935 961 2013 vt,
989 1929 1118 2017 brugen]

129 2017 225 2102 lagen.
261 2017 323 2083 Sed
339 2019 476 2102 legimus
493 2039 633 2102 quoque,
650 2019 712 2096 stan
721 2016 737 2105 Ἀ
747 2036 806 2102 aaa
816 2015 831 2104 Ἀ
839 2016 939 2106 tabas
949 2017 1001 2086 [aa
1010 2016 1025 2106 Ἀ
1035 2021 1093 2104 ban
1103 2019 1118 2107 Ἀ

129 2127 200 2191 pro,
224 2105 319 2189 stenar
330 2105 344 2193 Ἀ
354 2109 442 2192 geben
453 2106 467 2195 Ἀ
478 2105 566 2192 tbbea
577 2104 592 2194 Ἀ
602 2105 693 2188 Iessea
705 2105 720 2194 Ἀ
729 2105 848 2194 babens
857 2125 889 2173 rc.

605 2254 644 2313 Π.

218 2357 258 2420 In
290 2358 491 2440 coniugando
524 2359 586 2421 tria
616 2359 689 2421 sunt
720 2359 881 2440 praecipue
914 2357 1117 2422 obseruanda.

128 2446 277 2510 Primirm
294 2450 427 2530 ‘tempus
450 2447 588 2530 praesens
606 2447 790 2528 indicatiui,
815 2447 900 2529 quod
923 2447 1076 2510 formatur
1100 2452 1119 2509 a

128 2535 184 2597 suo
208 2534 370 2600 infinitiue
395 2535 516 2599 abiecto
539 2552 560 2601 a
570 2532 585 2620 Ἀ
598 2537 634 2598 in
655 2535 734 2618 fine,
758 2539 783 2598 ἃ
805 2536 830 2598 si
855 2537 933 2618 quid
956 2537 989 2598 in
1005 2538 1117 2620 penul-

128 2625 208 2687 tima
231 2625 422 2687 mutandum
445 2625 495 2707 sit,
523 2631 679 2688 mutetur:
704 2630 751 2707 vt,
775 2629 794 2687 a
818 2622 913 2691 [leben
927 2623 942 2712 Ἀ
957 2624 995 2708 irs)
1020 2623 1092 2691 [lehc
1104 2623 1118 2711 Ἀ

18 2753 22 2774 .
129 2717 147 2775 a
171 2711 323 2800 iratenens
337 2711 375 2794 ab
400 2710 564 2799 sarabela
587 2710 737 2799 [eleaslcb
761 2710 881 2800 sisela.

598 2857 654 2917 III.

220 2959 345 3026 Deinde
374 2967 499 3044 tempus
527 2963 761 3044 imperfectum,
791 2963 876 3044 quod
904 2962 1026 3046 semper
1057 2964 1119 3025 sor-

128 3055 237 3112 matur
265 3050 467 3132 apraesenti,
495 3051 548 3114 vel
571 3051 678 3114 addito
702 3056 731 3116 te
744 3049 759 3136 Ἀ
774 3051 824 3116 vel
848 3057 969 3114 mutato
994 3057 1118 3115 tantum

130 3139 239 3221 aliquo
267 3140 301 3201 in
330 3139 507 3221 penultima
534 3140 733 3220 syllasllaba:
757 3139 871 3222 veluti,
899 3138 953 3221 {lab
977 3136 1119 3224 scheibe]

65 3229 69 3236 '
127 3226 167 3308 leb
193 3223 383 3313 sbtiebesbsy
408 3225 554 3314 [abessa
578 3226 688 3294 behele.

587 3372 659 3432 1111.

217 3476 380 3540 Postremi>
402 3479 599 3561 praeteritum
624 3479 809 3560 perfectum,
840 3477 927 3559 quod
950 3476 1052 3539 simile
1077 3476 1120 3540 est

18 3587 29 3606 ⁷
127 3567 309 3649 partieipia,
337 3568 492 3631 formatur
520 3567 558 3630 ab
582 3566 756 3649 infinitiu0‚
786 3565 838 3628 vel
860 3565 1026 3648 praeposito
1050 3570 1118 3629 tan-

128 3665 198 3719 tum
227 3662 398 3738 augmento
428 3673 461 3740 ge
476 3653 490 3742 Ἀ
506 3656 558 3720 vel
587 3675 715 3738 quoque
744 3655 851 3737 aliquo
880 3657 915 3717 in
943 3655 1119 3738 penultima

127 3745 179 3809 rel
204 3745 314 3808 vltima
342 3745 463 3826 syllaba
486 3749 621 3828 mutata,
650 3744 822 3826 additoque
847 3744 997 3806 auxiliari
1020 3743 1118 3844 verbo

939 3848 976 3901 5*
