2782 4400
510 385 713 431 ononimus.
1086 369 1105 430 3

7 605 13 612 ,
115 542 187 606 iam
207 542 267 624 sihi
289 543 339 606 ito
360 542 473 626 sapere
495 544 685 625 uideantur,
709 547 741 608 ch
764 544 848 609 eloeti
871 547 903 608 <t
925 546 1105 628 eloquentes

114 631 210 695 uiri:
235 630 435 712 solummodo
459 653 509 704 eos
532 634 755 715 admonemus,
779 635 939 718 ueprius
958 642 1104 718 carpant,

115 724 218 804 quarn
244 727 358 785 nostra
385 723 564 805 camiqont,
597 743 679 786 neue
710 723 914 806 uitupercnt,
947 745 1021 806 quoe
1045 725 1106 804 fibi

7 873 10 880 ,
115 810 206 874 nulli
228 810 308 892 usui
330 811 400 894 fore
417 811 634 875 arbitrantur.
673 812 703 874 Α
728 813 846 876 talium
870 813 959 876 enim
981 813 1104 878 iudicio

114 919 185 962 non
200 899 432 964 abhorremus:
456 902 550 964 morlo
572 901 626 964 hic
649 900 739 965 labor
753 923 822 965 non
843 901 997 984 inqratus
1012 902 1106 966 aheat

115 989 208 1070 apud
229 989 320 1070 alios,
344 990 404 1072 qui
426 990 463 1052 de
478 989 531 1053 his
549 990 645 1053 relius
660 991 843 1054 humanius
862 993 893 1053 eh
904 992 1105 1075 prudentius

7 1139 10 1152 q
114 1075 263 1142 iudicare
299 1084 465 1162 poterunt.
520 1079 640 1143 Aethcce
675 1080 787 1142 studio
823 1079 964 1144 clariora
999 1081 1105 1164 fateor

112 1256 221 1338 qloria
258 1261 356 1340 atque
393 1257 523 1321 ut‘litos
561 1257 763 1340 Reipublicae
800 1258 987 1340 nasceretur
1002 1284 1013 1322 .·
1052 1259 1106 1322 uti
1198 1323 1200 1326 .

113 1343 241 1428 semper
271 1367 348 1410 eum
380 1347 511 1410 obtinui
541 1347 708 1428 animum,
747 1347 807 1430 qui
837 1347 925 1410 nihil
954 1348 1104 1412 acerbum

112 1434 266 1517 nihilque
297 1436 422 1499 darum
459 1433 632 1516 cantuae,
670 1438 757 1519 quael
787 1434 953 1516 honestum
985 1435 1038 1518 elt,
1072 1439 1105 1500 a

109 1523 286 1606 publicum
322 1525 527 1588 commodum
564 1530 770 1608 promoueret
785 1550 796 1588 .·
829 1525 978 1610 priuotce
1014 1527 1104 1590 enim

115 1612 312 1695 cupiditates
344 1613 433 1696 spem
465 1613 609 1697 puhliece
645 1614 802 1677 utilitatis
834 1616 865 1677 oh
893 1615 1015 1698 confilij
1046 1637 1101 1679 eu·

7 1693 11 1714 ⁷
114 1702 274 1765 eludunt:
300 1708 409 1767 tamen
431 1723 500 1766 non
519 1703 653 1766 omnino
672 1702 820 1786 presens
839 1703 892 1766 hie
912 1703 1003 1766 labor
1018 1704 1100 1768 inu-

116 1790 187 1854 tilis
214 1791 283 1854 erit.
329 1791 467 1855 Nemini
499 1791 588 1855 enim
616 1791 755 1855 dubium
783 1790 848 1873 esse
872 1792 985 1875 potest,
1020 1794 1103 1877 quin

113 1879 224 1942 tricini
245 1881 378 1965 populi,
407 1882 517 1964 quales
544 1880 625 1962 sunt
647 1881 779 1961 Potoni,
809 1881 936 1962 Boemi,
969 1882 1102 1966 anari‚

7 1969 11 1983 “
114 1969 211 2048 Itali,
241 1969 342 2047 Galli,
366 1970 480 2054 Anqli,
506 1969 607 2050 Scoti,
631 1969 737 2050 Dani,
762 1972 793 2032 ch
816 1971 877 2054 alij
899 1971 1022 2054 linquce
1041 1993 1100 2036 no·

111 2057 222 2138 stratis
258 2059 441 2142 coqnitione
477 2059 660 2141 indiqeant,
704 2062 781 2123 ciem
813 2065 949 2144 propter
984 2067 1104 2125 heutua

112 2147 272 2231 utrinque
298 2149 387 2212 inter
408 2148 496 2232 ipsos
523 2148 728 2229 commercia,
758 2154 829 2211 tune
853 2149 891 2212 ab
914 2170 965 2212 res
988 2150 1103 2213 uarias

10 2235 15 2260 '
113 2238 146 2299 <h
177 2258 296 2320 qraucs
327 2238 367 2300 in
401 2238 580 2302 Germania
610 2237 736 2320 partim
767 2239 939 2322 preclari,
972 2239 1103 2321 partim

112 2327 199 2389 malt
233 2325 331 2409 peltas
364 2329 395 2390 oh
427 2325 531 2405 inostro
568 2326 722 2390 idiomate
759 2325 965 2410 conscriptas.
1022 2327 1102 2402 chce

112 2414 215 2496 eausa
247 2414 299 2497 est,
336 2421 375 2479 ut
406 2418 450 2480 ael
485 2437 544 2479 nos
580 2415 730 2498 ahleqant
765 2414 931 2494 ministros
963 2415 1038 2498 suos
1070 2419 1103 2479 ch

108 2510 244 2587 qnatos,
280 2508 334 2570 uel
359 2505 444 2587 hisee
472 2504 652 2568 Germanos
678 2505 870 2589 interpretes
899 2505 1100 2588 prceficiunt

111 2597 133 2656 ὰ
157 2593 276 2676 quihus
305 2595 536 2658 Germanicam
556 2594 706 2676 linquam
724 2591 831 2676 polteo
849 2594 1018 2657 imbibant.
1057 2594 1103 2657 Et

111 2685 191 2746 ciem
213 2695 281 2746 non
305 2689 436 2747 tantum
453 2681 676 2764 uetustissimee
700 2683 823 2765 linquae
842 2683 939 2746 utiles
957 2683 1098 2747 habean-

113 2778 184 2853 tur,
215 2770 317 2856 [*iiij¹’]
351 2772 462 2856 qualis
493 2777 540 2835 est
566 2771 719 2852 Hieran,
755 2771 906 2854 Syriaca,
940 2771 1100 2853 Ohahlcea,

117 2861 246 2943 Greeca,
286 2861 425 2942 Latina,
465 2864 496 2924 eh
530 2861 605 2923 alico
639 2862 821 2944 complures
855 2861 977 2943 repulis
1011 2882 1098 2924 eom-

107 2949 292 3034 prehensa,
329 2951 385 3033 sed
419 2951 471 3015 his
508 2970 633 3033 quoque
668 2948 784 3030 seculis
820 2971 858 3013 en
894 2950 1102 3032 corruptione

111 3039 253 3123 oriqinis
275 3038 345 3120 fuce
368 3045 469 3121 natea,
493 3060 608 3121 nempe
631 3039 765 3120 Italica,
790 3039 988 3122 Hispanico,
1019 3038 1098 3102 Gal-

9 3131 10 3154 ¹
113 3130 186 3206 lica,
204 3129 351 3212 Anqlica,
376 3132 407 3192 eh
423 3129 542 3208 hmiles
563 3128 798 3192 Grammaticis
809 3127 1101 3212 praceptiunculis

112 3218 219 3282 doceri
240 3218 456 3301 incoeperint:
481 3238 549 3280 non
572 3219 687 3281 nectito*
705 3217 799 3280 nohis
817 3221 932 3280 enterce
951 3217 1102 3280 nationes

112 3307 273 3391 abijciunt
296 3311 518 3390 contemptum
541 3309 572 3369 ah
591 3307 821 3388 neqliqcntiam
836 3306 875 3368 in
892 3306 1101 3388 inquirendis

112 3397 236 3479 linqua
272 3401 393 3459 nostrae
424 3395 613 3478 principijs.
665 3393 844 3475 Ascrihunt
880 3394 933 3457 illi
969 3395 1100 3477 quietern

111 3487 170 3549 hoe
194 3485 356 3548 barbariei
375 3485 493 3568 ipsius:
518 3483 573 3566 feel
595 3485 681 3548 male
701 3487 733 3547 ct
751 3484 991 3563 contumeliose,
1015 3485 1102 3567 quiet

110 3596 181 3638 non
212 3574 327 3637 minus
354 3595 392 3637 ac
424 3573 551 3654 Gracc,
584 3573 735 3654 Hebrcea,
768 3573 956 3656 Latinoque
985 3573 1100 3654 linqua

110 3660 276 3748 αὐτοφυὴς
306 3668 353 3726 est
385 3684 424 3726 en
450 3662 482 3745 sc
513 3683 629 3745 nempe
660 3667 755 3743 reato,
789 3664 820 3724 eh
843 3683 905 3744 per
931 3660 964 3742 se
991 3660 1099 3744 ipsam

109 3749 271 3833 constans,
300 3772 444 3835 quaeque
467 3752 562 3816 certis
586 3752 736 3815 terminis
759 3771 796 3814 ac
818 3751 917 3835 septis
940 3751 989 3813 ita
1011 3771 1096 3814 com·

923 3856 957 3908 1*
