2782 4400
290 319 311 380 2
719 337 858 382 mssots

290 495 373 558 alibi
395 500 507 559 nostro
529 495 685 559 idionmte
713 496 837 578 cueusce
860 497 1068 580 prodierint:
1094 518 1147 562 eas
1171 503 1282 563 tamen

290 587 311 646 b
339 584 502 648 Germano
529 584 690 666 sermone,
719 585 777 648 boc
804 584 844 665 est
870 607 962 667 uero,
997 591 1127 650 tantum
1155 585 1278 669 distare,

290 679 454 757 quantum
483 673 659 737 ‘Doricum
686 675 786 757 alpba
813 676 845 738 d
868 674 1021 738 Ionicum
1048 675 1098 739 ita
1127 675 1280 758 interesse

289 760 427 842 constat?
468 763 523 826 Ero
544 763 664 846 quibus
686 763 796 827 uerbis
816 761 926 843 statim
947 785 1075 827 mecum
1097 764 1167 849 ipse
1190 767 1276 848 coqi-

291 857 360 915 tare
382 852 477 935 capi,
506 855 606 934 quam
629 850 793 932 molestum
820 851 899 934 esset
921 853 1074 936 officiium
1097 859 1276 937 pracepto-

289 941 359 1004 n's:
384 941 445 1022 nisi
467 941 521 1004 itti
542 940 671 1022 fecerint
693 961 817 1024 qnoque
841 941 932 1018 libri,
957 963 995 1005 en
1018 942 1138 1025 quibus
1157 944 1280 1026 linqua

289 1028 404 1110 nostroe
416 1030 529 1113 prima
551 1029 771 1111 fundamenta
789 1035 875 1114 pure
889 1031 961 1114 peti
977 1031 1154 1114 potuerint.
1190 1032 1280 1095 Nam

287 1120 312 1199 si
344 1119 490 1183 aliarum
522 1118 699 1182 nationum
732 1119 863 1202 linquas
899 1121 991 1202 apud
1025 1141 1076 1183 me
1108 1121 1278 1202 considero,

289 1208 364 1290 quis
387 1227 537 1290 unquam
560 1208 681 1272 rectius
705 1209 831 1271 mantus
858 1213 917 1288 est,
945 1213 1005 1271 aut
1025 1208 1151 1292 scripsit
1177 1213 1279 1292 quam

289 1297 349 1380 qui
374 1297 462 1360 inter
489 1296 617 1361 Graece
646 1297 785 1373 (laeam,
819 1297 907 1361 inter
929 1297 1068 1361 Latinos
1095 1297 1278 1380 Donatum,

288 1387 375 1450 inter
402 1385 567 1467 Hebraos,
606 1385 728 1466 Gallos,
759 1386 873 1467 Itabrs,
904 1387 1024 1466 smiles
1051 1385 1127 1467 suos
1156 1387 1277 1450 Gram-

287 1475 423 1539 maticos
445 1480 543 1538 antea
566 1474 790 1538 audiuerant?
815 1475 894 1559 [Ἢ]
921 1475 1063 1539 Tantum
1082 1475 1147 1557 usu
1166 1477 1275 1558 quoti-

287 1565 387 1628 diano
419 1569 480 1627 aut
513 1564 645 1627 lectione
676 1562 806 1647 assequi
833 1567 914 1628 certe
941 1584 1036 1628 neura
1062 1565 1195 1647 poterit,
1228 1571 1276 1643 ut,

287 1654 348 1733 nisi
371 1651 574 1734 antecesserit
595 1653 648 1715 illi
669 1654 755 1716 ratio
770 1653 897 1737 aliqua,
921 1673 978 1716 ceu
996 1654 1066 1735 lun,
1090 1674 1156 1736 qua
1170 1653 1278 1735 fretus

288 1742 386 1806 obuia
413 1763 548 1825 quaque
579 1742 667 1805 inter
694 1743 863 1825 leqendnm
894 1741 1038 1823 foelicius
1066 1742 1212 1806 iudicare
1240 1764 1278 1807 aa

219 1857 220 1860 ¹
287 1830 465 1912 discernere
489 1836 598 1914 queat,
622 1851 798 1913 nunquam
821 1832 858 1894 in
883 1831 975 1894 libris
1000 1831 1205 1894 Germanicis
1228 1832 1277 1895 ita

289 1923 357 1984 tuti
384 1918 579 2000 uersaturus
601 1921 655 2000 set,
684 1920 768 2002 quin
790 1919 889 2001 sensu
912 1922 943 1982 d
966 1920 1131 1983 intellectu
1153 1919 1277 2004 sapius

287 2014 369 2073 erret
397 2029 435 2072 ac
462 2009 693 2090 ballueinctur,
722 2012 822 2092 qubrn
848 2010 872 2089 si
901 2007 1163 2072 Grammaticam
1186 2010 1277 2091 qnasi

286 2098 451 2162 rectricem
473 2096 602 2178 secutus
625 2097 728 2180 fuerit
751 2098 976 2162 enercita'tione
996 2098 1066 2161 eius
1080 2096 1277 2181 pedissequo
1381 2137 1382 2173 ,

285 2187 466 2251 comitatus.
503 2186 617 2270 Itaque
640 2188 677 2250 de
692 2187 749 2250 boe
770 2184 873 2266 studio
890 2187 1047 2272 literaria,
1054 2187 1157 2270 pauli
1172 2187 1277 2250 altius

286 2276 372 2339 mibi
403 2276 560 2359 eoqitanti
589 2276 724 2339 'tanum
755 2276 794 2338 in
825 2282 965 2339 inuitem
997 2275 1105 2356 uenit,
1134 2281 1273 2358 prater-

286 2386 387 2449 quam
418 2366 504 2448 qubd
535 2385 620 2428 meos
651 2363 828 2448 disn'pulas
866 2385 940 2428 cum
972 2365 1094 2428 maiori
1124 2365 1275 2447 ipsorum

284 2453 422 2538 proqres
417 2454 458 2537 su
471 2455 606 2518 docuero
612 2505 620 2535 ,
644 2454 729 2517 mibi
744 2474 870 2537 quoque
883 2453 996 2536 qlorico
1018 2453 1175 2535 futurum
1191 2452 1275 2535 esse:
1380 2531 1381 2539 ἵ

283 2544 308 2623 si
336 2543 465 2624 aliquid
495 2564 565 2606 mco
595 2543 701 2606 Marte
728 2542 947 2626 composuere,
981 2563 1046 2626 quo
1073 2563 1142 2605 non
1168 2542 1274 2624 solum

287 2632 438 2714 linquam
459 2632 690 2696 Germanicam
707 2635 797 2695 tantb
818 2632 994 2714 qratiorem
1009 2631 1078 2694 illis
1093 2632 1273 2695 redderem:

284 2719 467 2801 sedetiam
495 2721 646 2804 ospicium
679 2742 789 2784 mcum
816 2724 850 2784 eb
877 2721 983 2803 moqis
1011 2721 1175 2803 explerem.
1222 2719 1277 2784 Ad
1378 2775 1380 2802 ,

284 2810 343 2873 boc
358 2809 463 2892 iqitur
483 2807 627 2889 studium
650 2809 840 2892 discendum
862 2809 992 2893 bsen'js
1007 2808 1274 2892 occupationibus

285 2898 527 2982 aliquantisper
557 2920 608 2962 me
647 2899 788 2980 remoui,
822 2901 853 2962 ab
885 2897 1132 2981 quibuscunque
1164 2897 1275 2980 posset

286 2986 391 3071 [*iij¹']'
408 2988 572 3052 Germana
600 2988 716 3071 linqua
738 2988 858 3070 repulis
881 2992 976 3069 atque
994 2987 1273 3071 preceptionibus
1378 3049 1379 3074 ,

283 3077 518 3160 comprehendi,
543 3097 672 3140 omnem
695 3097 826 3160 operam
848 3097 955 3139 meam
976 3077 1019 3140 od
1040 3076 1076 3138 id
1090 3096 1270 3140 accommo·
1378 3087 1379 3094 ’

284 3166 386 3229 dani:
410 3172 449 3229 ut
466 3166 590 3249 patrico
606 3187 684 3230 mea
703 3167 814 3229 literas
832 3186 896 3249 pro
915 3165 1011 3228 uirili
1029 3186 1101 3228 mea
1120 3165 1274 3248 portione
1378 3173 1379 3180 ’

283 3275 446 3319 umorem.

373 3344 441 3424 Etsi
474 3365 542 3407 non
574 3345 721 3427 iquorem
757 3344 845 3407 inter
884 3344 1064 3424 Germanos
1096 3343 1273 3406 nonnullos

282 3433 525 3516 reprehensores
551 3433 621 3516 sore
636 3458 647 3496 .·
675 3439 715 3496 ut
741 3433 779 3495 in
806 3433 959 3496 omnibus
990 3432 1070 3495 uita
1099 3431 1272 3514 qeneribus

283 3522 422 3585 accidit:
448 3523 507 3605 qni
528 3523 586 3586 boc
607 3522 757 3585 studium
775 3542 885 3585 meum
902 3521 986 3603 sorte
1000 3518 1271 3604 contempserint:

282 3611 357 3673 illos
382 3616 493 3674 tamen
516 3610 635 3694 absque
658 3611 750 3674 omni
768 3611 840 3673 odio
863 3612 894 3672 cb
912 3609 1116 3673 contentione
1137 3608 1273 3672 libenter
1377 3625 1378 3640 ¹

283 3700 337 3762 btc
359 3699 476 3782 missos
499 3700 668 3783 faciemus,
694 3705 733 3763 ut
751 3705 916 3780 maneant,
941 3701 972 3762 ob
988 3699 1051 3778 snt
1069 3698 1138 3781 ips,
1163 3717 1270 3781 quon-
