2786 4406
349 522 420 592 [202]
444 520 622 576 IACOBVS
645 520 934 575 HARTMANNVS

507 647 535 690 D.
545 645 574 688 M.
590 639 769 706 φιλογερμανῷ.

275 777 311 836 Vi
327 777 423 854 piaret
445 795 496 836 ars
519 777 616 853 nostro
638 778 712 835 reete
733 775 865 852 sumone
887 775 1040 852 loquendi:

299 866 339 925 Et
361 865 469 925 oalomi
491 865 580 938 doeti,
603 865 720 942 forum
743 870 818 924 eerta
840 865 933 924 nent:

219 955 331 1031 Qui'rrm
353 960 386 1013 nt
414 955 569 1014 Germana
586 952 681 1031 postis
703 955 863 1013 nernaenia
886 954 1012 1029 linqua:

258 1044 392 1103 Nomina
414 1044 561 1120 uerbaque
583 1043 618 1102 ui
638 1044 694 1101 rae
716 1043 821 1120 sonare
842 1043 904 1120 sna.

220 1132 318 1192 Gallia
340 1133 390 1210 sen
412 1132 515 1204 mittit,
538 1131 589 1208 sen
613 1137 638 1191 te
666 1131 828 1192 Germania
850 1132 961 1192 nutrit:

264 1221 405 1298 Quisquis
433 1221 647 1282 Grammaticos
670 1226 732 1280 tam
754 1220 903 1298 studiosus
925 1220 995 1280 erit:

197 1311 304 1379 Attius
326 1311 474 1386 exemplar
490 1311 590 1387 precio
612 1310 669 1387 fibi
691 1315 848 1386 comparet,
872 1315 958 1386 atque

262 1402 418 1459 Auctorem
440 1400 525 1458 irrata
547 1419 581 1458 ao
603 1400 659 1476 ista
675 1399 790 1476 pmeere
812 1399 898 1474 sinat.

219 1488 289 1557 Ona
312 1488 438 1565 sumsit,
463 1507 582 1565 quoqne
605 1489 653 1546 nie
675 1489 711 1547 ab
734 1506 766 1546 eo
785 1493 929 1564 prerepto
952 1487 1097 1562 trauntur,

263 1576 389 1653 Quaem
411 1577 468 1652 usu
491 1577 596 1635 multis
619 1582 685 1634 onte
702 1576 843 1652 probauit
864 1577 951 1636 item:

219 1665 298 1734 Quos
322 1665 418 1724 doouit
441 1665 564 1723 iuuenes
588 1664 641 1723 tati
663 1665 801 1723 breuitate
823 1665 977 1741 munitior:

260 1755 308 1812 Ere
330 1755 410 1813 binio
433 1753 535 1829 sensus
557 1772 686 1828 oonarna
708 1753 796 1812 uerbo
820 1753 915 1830 toqui:

214 1843 303 1901 Nune
325 1843 423 1901 eadem
445 1843 581 1901 Albertns
602 1844 675 1901 reete*
691 1841 838 1918 permittit
860 1842 894 1901 in
916 1861 1026 1922 omme,

260 1931 377 1990 Nieotai
399 1932 490 2008 typis,
514 1937 560 2004 ut,
577 1937 729 2007 perarata,
753 1931 855 1990 uides:

215 2021 284 2078 Non
307 2021 384 2096 qnod
406 2021 579 2079 commeruit
601 2020 732 2093 luorum,
757 2025 818 2080 tam
841 2020 955 2080 deditus
977 2021 1040 2080 iili:

260 2109 329 2168 Non
351 2109 449 2185 monis
471 2111 590 2186 asfeems
612 2129 720 2168 nomen
742 2109 844 2169 habere
860 2109 981 2187 palam:

219 2198 316 2267 ouem
338 2197 393 2274 sna
416 2198 533 2257 libenter
555 2199 689 2258 monitus
712 2199 793 2257 daret
815 2199 936 2274 r'psemet
959 2199 1037 2258 orbi:

259 2287 398 2363 Foloeque
418 2287 557 2362 peruersa
579 2288 620 2363 fio
636 2287 801 2364 prohiberet
824 2306 914 2364 opus:

215 2376 259 2434 Ne
282 2381 399 2434 meteret
420 2376 550 2451 srmtns,
575 2375 626 2434 ubi
648 2395 710 2434 non
733 2394 845 2453 quoque
867 2375 979 2452 fenerat
1001 2376 1088 2435 atter:

262 2464 318 2523 Sed
339 2469 436 2539 manet
460 2465 578 2523 metior:
602 2464 680 2524 aedat
703 2465 828 2541 iniquus
850 2484 928 2540 noro.

189 2724 261 2793 [203]
293 2723 445 2778 IACOBVS
464 2724 621 2779 MEIERVS
640 2725 892 2780 ARENBERGIVS
910 2726 1042 2780 IVRIVM
1061 2727 1093 2780 D.

281 2873 422 2947 Eumeni,
439 2873 540 2949 pudor
558 2879 613 2946 est,
636 2873 782 2950 sermonis
801 2880 826 2933 te
845 2875 900 2950 esse
915 2874 1099 2950 Moaistram,

317 2961 529 3033 Grammatico,
556 2964 585 3022 a}
608 2962 709 3022 laudes
731 2983 793 3022 non
815 2963 942 3040 reserare
965 2969 1039 3022 tuae.

216 3049 316 3108 Pande
339 3050 424 3108 niam
447 3051 486 3109 ad
507 3051 634 3127 Loqieos
662 3053 811 3112 Germano
833 3071 902 3111 noee
924 3052 1043 3129 larome,

266 3138 383 3197 Vioinos
406 3139 506 3198 doeens
533 3140 681 3199 Thentona
703 3142 792 3200 uerba
814 3141 905 3200 lares:

220 3229 384 3286 Germanos
406 3228 478 3304 fider·
501 3229 612 3288 Paulos
634 3229 768 3306 larisque
791 3229 922 3305 disertae,

260 3315 321 3374 Des
344 3317 469 3376 medieas
486 3318 587 3393 patrio
610 3337 679 3377 enm
706 3319 838 3378 Oieerone
862 3319 950 3395 toqui.

219 3403 303 3472 Quod
324 3424 448 3480 reanum
470 3406 598 3482 reliquas
620 3407 754 3483 nostrum
777 3407 971 3484 supereminet
994 3426 1062 3467 oros

259 3492 358 3552 Attius
380 3494 433 3552 troo
455 3495 567 3570 linquir
590 3497 682 3554 enoris
705 3495 769 3572 ipsa
791 3501 885 3572 oarmt.

215 3584 394 3639 OELINGER
412 3602 527 3642 nonum
549 3603 604 3642 onr
626 3591 651 3644 te
673 3604 735 3644 non
752 3583 856 3661 pressit
878 3587 913 3644 in
935 3587 1075 3645 annum?

262 3670 348 3740 Quod
368 3671 487 3747 furtiua
510 3678 577 3732 tuas
598 3673 687 3748 frons
709 3673 851 3751 spoliabat
873 3694 947 3752 oper.
